[gd_scene load_steps=9 format=2]

[ext_resource path="res://scripts/game/Board.gd" type="Script" id=1]
[ext_resource path="res://scripts/game/CowboyButton.gd" type="Script" id=2]
[ext_resource path="res://scripts/game/StatusBarControl.gd" type="Script" id=3]
[ext_resource path="res://scripts/game/StatusBarPanel.gd" type="Script" id=4]
[ext_resource path="res://scripts/game/Spot.gd" type="Script" id=5]
[ext_resource path="res://scripts/game/BoardControl.gd" type="Script" id=6]
[ext_resource path="res://scripts/game/DinosaurButton.gd" type="Script" id=7]

[sub_resource type="StyleBoxFlat" id=1]

[node name="Control" type="Control"]
margin_right = 40.0
margin_bottom = 40.0
script = ExtResource( 1 )
__meta__ = {
"_edit_use_anchors_": false
}

[node name="Horizontal0" type="ColorRect" parent="."]
margin_top = 175.0
margin_right = 431.0
margin_bottom = 217.0
__meta__ = {
"_edit_use_anchors_": false
}

[node name="Horizontal1" type="ColorRect" parent="."]
margin_left = 2.0
margin_top = 382.0
margin_right = 434.0
margin_bottom = 424.0
__meta__ = {
"_edit_use_anchors_": false
}

[node name="Vertical0" type="ColorRect" parent="."]
margin_left = 117.465
margin_top = 5.64093
margin_right = 157.465
margin_bottom = 589.641
__meta__ = {
"_edit_use_anchors_": false
}

[node name="Vertical1" type="ColorRect" parent="."]
margin_left = 274.0
margin_top = 3.0
margin_right = 308.0
margin_bottom = 591.0
__meta__ = {
"_edit_use_anchors_": false
}

[node name="BoardControl" type="Control" parent="."]
margin_right = 40.0
margin_bottom = 40.0
script = ExtResource( 6 )
__meta__ = {
"_edit_use_anchors_": false
}

[node name="SpotX2Y2" type="TextureButton" parent="BoardControl"]
margin_left = 317.362
margin_top = 432.347
margin_right = 417.362
margin_bottom = 582.347
script = ExtResource( 5 )
__meta__ = {
"_edit_use_anchors_": false
}

[node name="SpotX2Y1" type="TextureButton" parent="BoardControl"]
margin_left = 314.602
margin_top = 225.372
margin_right = 414.602
margin_bottom = 375.372
script = ExtResource( 5 )
__meta__ = {
"_edit_use_anchors_": false
}

[node name="SpotX2Y0" type="TextureButton" parent="BoardControl"]
margin_left = 315.522
margin_top = 14.7182
margin_right = 415.522
margin_bottom = 164.718
script = ExtResource( 5 )
__meta__ = {
"_edit_use_anchors_": false
}

[node name="SpotX1Y0" type="TextureButton" parent="BoardControl"]
margin_left = 165.58
margin_top = 14.7182
margin_right = 265.58
margin_bottom = 164.718
script = ExtResource( 5 )
__meta__ = {
"_edit_use_anchors_": false
}

[node name="SpotX0Y0" type="TextureButton" parent="BoardControl"]
margin_left = 10.0
margin_top = 19.0
margin_right = 110.0
margin_bottom = 169.0
script = ExtResource( 5 )
__meta__ = {
"_edit_use_anchors_": false
}

[node name="SpotX0Y1" type="TextureButton" parent="BoardControl"]
margin_left = 10.9199
margin_top = 225.055
margin_right = 110.92
margin_bottom = 375.055
script = ExtResource( 5 )
__meta__ = {
"_edit_use_anchors_": false
}

[node name="SpotX0Y2" type="TextureButton" parent="BoardControl"]
margin_left = 10.9199
margin_top = 431.11
margin_right = 110.92
margin_bottom = 581.11
script = ExtResource( 5 )
__meta__ = {
"_edit_use_anchors_": false
}

[node name="SpotX1Y1" type="TextureButton" parent="BoardControl"]
margin_left = 164.66
margin_top = 223.533
margin_right = 264.66
margin_bottom = 373.532
script = ExtResource( 5 )
__meta__ = {
"_edit_use_anchors_": false
}

[node name="SpotX1Y2" type="TextureButton" parent="BoardControl"]
margin_left = 162.82
margin_top = 436.026
margin_right = 262.82
margin_bottom = 586.026
script = ExtResource( 5 )
__meta__ = {
"_edit_use_anchors_": false
}

[node name="StatusBarControl" type="Control" parent="."]
margin_right = 40.0
margin_bottom = 40.0
script = ExtResource( 3 )
__meta__ = {
"_edit_use_anchors_": false
}

[node name="StatusBarPanel" type="Panel" parent="StatusBarControl"]
anchor_top = 0.0138153
anchor_bottom = 0.0138153
margin_left = 2.0
margin_top = 592.447
margin_right = 431.0
margin_bottom = 638.447
script = ExtResource( 4 )
__meta__ = {
"_edit_use_anchors_": false
}

[node name="StatusBar" type="Label" parent="StatusBarControl"]
margin_left = 2.68439
margin_top = 607.025
margin_right = 425.684
margin_bottom = 630.025
text = "Hello World!"
autowrap = true
__meta__ = {
"_edit_use_anchors_": false
}

[node name="DinosaurButton" type="Button" parent="."]
margin_left = 1.0
margin_top = 638.0
margin_right = 429.0
margin_bottom = 679.0
custom_styles/normal = SubResource( 1 )
text = "Change Dinosour"
script = ExtResource( 7 )
__meta__ = {
"_edit_use_anchors_": false
}

[node name="CowboyButton" type="Button" parent="."]
margin_left = 1.0
margin_top = 681.0
margin_right = 425.0
margin_bottom = 721.0
text = "Change Cowboy"
script = ExtResource( 2 )
__meta__ = {
"_edit_use_anchors_": false
}

[node name="Players" type="Node2D" parent="."]

[connection signal="pressed" from="BoardControl/SpotX2Y2" to="BoardControl/SpotX2Y2" method="_on_TextureButton_custom_pressed"]
[connection signal="pressed" from="BoardControl/SpotX2Y1" to="BoardControl/SpotX2Y1" method="_on_TextureButton_custom_pressed"]
[connection signal="pressed" from="BoardControl/SpotX2Y0" to="BoardControl/SpotX2Y0" method="_on_TextureButton_custom_pressed"]
[connection signal="pressed" from="BoardControl/SpotX1Y0" to="BoardControl/SpotX1Y0" method="_on_TextureButton_custom_pressed"]
[connection signal="pressed" from="BoardControl/SpotX0Y0" to="BoardControl/SpotX0Y0" method="_on_TextureButton_custom_pressed"]
[connection signal="pressed" from="BoardControl/SpotX0Y1" to="BoardControl/SpotX0Y1" method="_on_TextureButton_custom_pressed"]
[connection signal="pressed" from="BoardControl/SpotX0Y2" to="BoardControl/SpotX0Y2" method="_on_TextureButton_custom_pressed"]
[connection signal="pressed" from="BoardControl/SpotX1Y1" to="BoardControl/SpotX1Y1" method="_on_TextureButton_custom_pressed"]
[connection signal="pressed" from="BoardControl/SpotX1Y2" to="BoardControl/SpotX1Y2" method="_on_TextureButton_custom_pressed"]
[connection signal="pressed" from="DinosaurButton" to="DinosaurButton" method="_on_DinosaurButton_pressed"]
[connection signal="pressed" from="CowboyButton" to="CowboyButton" method="_on_CowboyButton_pressed"]
